<?xml version="1.0" encoding="UTF-8" ?>
<marc:collection xmlns:marc="http://www.loc.gov/MARC21/slim" 
xmlns:xsi="http://www.w3.org/2001/XMLSchema-instance" 
xsi:schemaLocation="http://www.loc.gov/MARC21/slim 
http://www.loc.gov/standards/marcxml/schema/MARC21slim.xsd">
  <marc:record>
    <marc:leader>00000nam a2200421 c 4500</marc:leader>
    <marc:controlfield tag="007">cr |||||||||||</marc:controlfield>
    <marc:controlfield tag="007">tu</marc:controlfield>
    <marc:controlfield tag="008">      |2017    au      om    ||| |     u</marc:controlfield>
    <marc:datafield tag="040" ind1=" " ind2=" ">
      <marc:subfield code="a">UBG</marc:subfield>
      <marc:subfield code="b">ger</marc:subfield>
      <marc:subfield code="c">VL-WG-UBG</marc:subfield>
      <marc:subfield code="e">rda</marc:subfield>
    </marc:datafield>
    <marc:datafield tag="044" ind1=" " ind2=" ">
      <marc:subfield code="c">XA-AT</marc:subfield>
    </marc:datafield>
    <marc:datafield tag="100" ind1="1" ind2=" ">
      <marc:subfield code="a">Ramböck, Melanie</marc:subfield>
      <marc:subfield code="4">aut</marc:subfield>
    </marc:datafield>
    <marc:datafield tag="245" ind1="0" ind2="0">
      <marc:subfield code="a">Coordination chemistry of a thiopyridazine based scorpionate ligand towards zinc and copper</marc:subfield>
    </marc:datafield>
    <marc:datafield tag="246" ind1="3" ind2="3">
      <marc:subfield code="a">Coordination chemistry of a thiopyridazine based scorpionate ligand towards zinc and copper</marc:subfield>
    </marc:datafield>
    <marc:datafield tag="264" ind1=" " ind2="1">
      <marc:subfield code="a">Graz</marc:subfield>
      <marc:subfield code="c">2017</marc:subfield>
    </marc:datafield>
    <marc:datafield tag="336" ind1=" " ind2=" ">
      <marc:subfield code="b">txt</marc:subfield>
    </marc:datafield>
    <marc:datafield tag="337" ind1=" " ind2=" ">
      <marc:subfield code="b">n</marc:subfield>
    </marc:datafield>
    <marc:datafield tag="338" ind1=" " ind2=" ">
      <marc:subfield code="b">nc</marc:subfield>
    </marc:datafield>
    <marc:datafield tag="500" ind1=" " ind2=" ">
      <marc:subfield code="a">Arbeit an der Bibliothek noch nicht eingelangt - Daten nicht geprüft</marc:subfield>
    </marc:datafield>
    <marc:datafield tag="500" ind1=" " ind2=" ">
      <marc:subfield code="a">Abweichender Titel laut Übersetzung des Verfassers/der Verfasserin</marc:subfield>
    </marc:datafield>
    <marc:datafield tag="502" ind1=" " ind2=" ">
      <marc:subfield code="b">Masterarbeit</marc:subfield>
      <marc:subfield code="c">Karl-Franzens-Universität Graz</marc:subfield>
      <marc:subfield code="d">2017</marc:subfield>
    </marc:datafield>
    <marc:datafield tag="520" ind1=" " ind2=" ">
        <marc:subfield code="a">ger: Die Koordinationschemie des Thiopyridazin-basierten Skorpionatliganden K[TnMe,tBu] (1) wurde im Bezug auf Zink- und Kupferkomplexe untersucht. Ausgehend vom Precursor [ZnBr2(HPnMe,tBu)2] (6) enstand der mononucleare Komplex [Zn(TnMe,tBu)Br(HPnMe,tBu)] (8), der sowohl von einem Skorpionatliganden als auch von einem zusätzlichen Thiopyridazin (HPnMe,tBu) koordiniert wird. Der Komplex wurde mittels spektroskopischer Methoden, inklusive VT-NMR, charakterisiert und die molekulare Struktur mittels Röntgenkristallstrukturanalyse bestätigt. Spektroskopische Untersuchungen von analogen Reaktionen, ausgehend von dem Precursor [ZnBr2(Py)2] (7), deuten auf die Entstehung einer polynuclearen Verbindung anstelle des erwarteten mononuclearen Komplexes. Reaktionen ausgehend von ZnBr2 als Precursor führten nicht zu dem erwarteten [Zn(TnMe,tBu)Br]. Mittels spektroskopischer Daten konnte eine Zersetzung des Skorpionatliganden, mutmaßlich verursacht durch die Lewis-Acidität des Zinksalzes, festgestellt werden. Die im wesentlichen gebildeten Produkte, abhängig von Stöchiometrie und Sauerstoffzufuhr, waren 6 und das Tetramer [Zn4(SO2PnMe,tBu)4(OH)2] (5), in welchem die Thion-Gruppen der Pyridazine oxidiert sind. Im Gegensatz dazu bildet der Skorpionatligand in Reaktionen mit Kupfersalzen Boratrankomplexe, wie den literaturbekannten Kupfer-Chlorid Komplex [Cu{B(PnMe,tBu)3Cl] (2). Ausgehend von 2 wurden verschiedene Substitutionsreaktionen mit organometallischen Reagentien untersucht (NaBH4, NaEt3BH and AgSbF6). Diese Experimente führten, weitgehend unabhängig von den untersuchten Reaktionsbedingungen, zur Bildung des hexanuklearen Kupferkomplexes [Cu6(PnMe,tBu)6] (14).</marc:subfield>
    </marc:datafield>
    <marc:datafield tag="520" ind1=" " ind2=" ">
      <marc:subfield code="a">eng: The coordination chemistry of the thiopyridazine scorpionate ligand K[TnMe,tBu] (1) towards zinc and copper metal centers was investigated. Starting from the precursor [ZnBr2(HPnMe,tBu)2] (6), a monomeric zinc complex featuring a scorpionate ligand and an additional thiopyridazine (HPnMe,tBu) attached to the zinc center, [Zn(TnMe,tBu)Br(HPnMe,tBu)] (8), was obtained. The complex was characterized by spectroscopic techniques including variable temperature NMR spectroscopy as well as single crystal X-ray diffraction analysis, confirming the molecular structure. In analogous reactions with the precursor [ZnBr2(Py)2] (7), no monomeric complex could be obtained, where spectroscopic data pointed towards the formation of oligomeric species. Reactions starting with ZnBr2 as precursor did not yield the desired mononuclear complexes. Spectroscopic data suggested decomposition of the scorpionate ligand due to the Lewis acidity of the zinc salt. The primarily formed species, depending on stoichiometry and atmospheric conditions, were identified as compound 6 and [Zn4(SO2PnMe,tBu)4(OH)2] (5), the latter exhibiting oxidized sulfur atoms. In contrast, with a copper source the scorpionate ligand forms boratrane species, namely the known copper-chloride boratrane complex [Cu{B(PnMe,tBu)3Cl] (2). Starting from complex 2, several substitution reactions with organometallic reagents were investigated, such as NaBH4, NaEt3BH and AgSbF6. These experiments led to the formation of a hexanuclear copper complex [Cu6(PnMe,tBu)6] (14), largely independent of the employed reaction conditions.</marc:subfield>
    </marc:datafield>
    <marc:datafield tag="655" ind1=" " ind2="7">
      <marc:subfield code="a">Hochschulschrift</marc:subfield>
      <marc:subfield code="0">(DE-588)4113937-9</marc:subfield>
      <marc:subfield code="2">gnd-content</marc:subfield>
    </marc:datafield>
    <marc:datafield tag="700" ind1="1" ind2=" ">
      <marc:subfield code="4">aut</marc:subfield>
    </marc:datafield>
    <marc:datafield tag="751" ind1=" " ind2=" ">
      <marc:subfield code="a">Graz</marc:subfield>
      <marc:subfield code="0">(DE-588)4021912-4</marc:subfield>
      <marc:subfield code="4">uvp</marc:subfield>
      <marc:subfield code="2">gnd</marc:subfield>
    </marc:datafield>
    <marc:datafield tag="970" ind1="2" ind2=" ">
      <marc:subfield code="d">HS-MASTER</marc:subfield>
    </marc:datafield>
    <marc:datafield tag="971" ind1="1" ind2=" ">
      <marc:subfield code="a">Mösch-Zanetti, Nadia Carmen</marc:subfield>
    </marc:datafield>
    <marc:datafield tag="971" ind1="3" ind2=" ">
      <marc:subfield code="a">2017-11</marc:subfield>
    </marc:datafield>
    <marc:datafield tag="971" ind1="5" ind2=" ">
      <marc:subfield code="a">Universität Graz</marc:subfield>
      <marc:subfield code="b">Naturwissenschaftliche Fakultät</marc:subfield>
      <marc:subfield code="c">Institut für Chemie</marc:subfield>
      <marc:subfield code="0">vls-obvugr-196515</marc:subfield>
    </marc:datafield>
    <marc:datafield tag="971" ind1="7" ind2=" ">
      <marc:subfield code="i">AutorIn stimmte der Freigabe des elektronischen Dokuments nicht zu</marc:subfield>
    </marc:datafield>
    <marc:datafield tag="974" ind1="0" ind2="s">
      <marc:subfield code="F">030</marc:subfield>
      <marc:subfield code="A">a|1urr|||||17</marc:subfield>
    </marc:datafield>
    <marc:datafield tag="974" ind1="0" ind2="s">
      <marc:subfield code="F">050</marc:subfield>
      <marc:subfield code="A">a|a|||||||||||</marc:subfield>
    </marc:datafield>
    <marc:datafield tag="974" ind1="0" ind2="s">
      <marc:subfield code="F">051</marc:subfield>
      <marc:subfield code="A">mu||||||</marc:subfield>
    </marc:datafield>
  </marc:record>
</marc:collection>
